@article{dietterich1998approximate,
  title={Approximate statistical tests for comparing supervised classification learning algorithms},
  author={Dietterich, Thomas G.},
  journal={Neural computation},
  volume={10},
  number={7},
  pages={1895--1923},
  year={1998},
  publisher={MIT Press}
},

@article{demvsar2006statistical,
  title={Statistical comparisons of classifiers over multiple data sets},
  author={Dem{\v{s}}ar, Janez},
  journal={The Journal of Machine Learning Research},
  volume={7},
  pages={1--30},
  year={2006},
  publisher={JMLR. org}
},

@article{Huang2012,
	author = {Huang, Guang-Bin and Zhou, Hongming and Ding, Xiaojian and Zhang, Rui},
	journal = {IEEE Transactions on Systems, Man, and Cybernetics},
	number = {2},
	pages = {513--29},
	pmid = {21984515},
	title = {{Extreme learning machine for regression and multiclass classification}},
	volume = {42},
	year = {2012}
},

@book{chapelle2006semi,
  title={Semi-supervised learning},
  author={Chapelle, Olivier and Sch{\"o}lkopf, Bernhard and Zien, Alexander and others},
  volume={2},
  year={2006},
  publisher={MIT press}
},

@book{alpaydin2004introduction,
  title={Introduction to machine learning},
  author={Alpaydin, Ethem},
  year={2004},
  publisher={MIT press}
}
